% This file was created with Citavi 6.10.0.0

%%%%%%%%%%%%%%%%%%%%%%%%%%%%%%%%%%%%%%%%%%%%%%%%%%%%%%%%%
% Lehrb√ºcher
%%%%%%%%%%%%%%%%%%%%%%%%%%%%%%%%%%%%%%%%%%%%%%%%%%%%%%%%%

% Grundwissen Mathematikstudium
@book{Brokate.2015,
 author = {Brokate, Martin and Henze, Norbert and Hettlich, Frank and Meister, Andreas and Schranz-Kirlinger, Gabriela and Sonar, Thomas and Rademacher, Daniel},
 year = {2015},
 title = {{Grundwissen Mathematikstudium: H{\"o}here Analysis, Numerik und Stochastik}},
 address = {Berlin, Heidelberg},
 edition = {1. Aufl. 2016},
 publisher = {{Springer Berlin Heidelberg}},
 isbn = {978-3-642-45078-5 },
 file = {Grundwissen Mathematikstudium{\_}H{\"o}here Analysis Numerik und Stochastik:Attachments/Grundwissen Mathematikstudium{\_}H{\"o}here Analysis Numerik und Stochastik.pdf:application/pdf}
}